<?xml version="1.0" encoding="UTF-8"?><record xmlns="http://www.loc.gov/MARC21/slim" xmlns:cinclude="http://apache.org/cocoon/include/1.0" xmlns:zs="http://www.loc.gov/zing/srw/">
  <leader>02348cz  a2200217n  4500</leader>
  <controlfield tag="001">no2004012691</controlfield>
  <controlfield tag="003">DLC</controlfield>
  <controlfield tag="005">20141126073807.0</controlfield>
  <controlfield tag="008">040211n| azannaabn          |a ana     c</controlfield>
  <datafield tag="010" ind1=" " ind2=" ">
    <subfield code="a">no2004012691</subfield>
  </datafield>
  <datafield tag="035" ind1=" " ind2=" ">
    <subfield code="a">(OCoLC)oca06268349</subfield>
  </datafield>
  <datafield tag="040" ind1=" " ind2=" ">
    <subfield code="a">NNC</subfield>
    <subfield code="b">eng</subfield>
    <subfield code="e">rda</subfield>
    <subfield code="c">NNC</subfield>
    <subfield code="d">MH</subfield>
  </datafield>
  <datafield tag="110" ind1="2" ind2=" ">
    <subfield code="a">Tomskiĭ gosudarstvennyĭ universitet.</subfield>
    <subfield code="b">Muzeĭ arkheologii i ėtnografii Sibiri im. V.M. Florinskogo</subfield>
  </datafield>
  <datafield tag="410" ind1="2" ind2=" ">
    <subfield code="a">MAĖS TGU</subfield>
  </datafield>
  <datafield tag="410" ind1="2" ind2=" ">
    <subfield code="a">Muzei︠a︡ arkheologii i ėtnografii Sibiri</subfield>
  </datafield>
  <datafield tag="510" ind1="2" ind2=" ">
    <subfield code="w">a</subfield>
    <subfield code="a">Tomskiĭ gosudarstvennyĭ universitet imeni V.V. Kuĭbysheva.</subfield>
    <subfield code="b">Muzeĭ arkheologii i ėtnografii Sibiri</subfield>
  </datafield>
  <datafield tag="667" ind1=" " ind2=" ">
    <subfield code="a">Does not appear to be an official name change between Muzeĭ arkheologii i ėtnografii Sibiri im. V.M. Florinskogo and Muzei︠a︡ arkheologii i ėtnografii Sibiri.</subfield>
  </datafield>
  <datafield tag="670" ind1=" " ind2=" ">
    <subfield code="a">Trudy Muzei︠a︡ arkheologii i ėtnografii Sibiri im. V.M. Florinskogo Tomskogo gosudarstvennogo universiteta, 2002:</subfield>
    <subfield code="b">t.p. (... Muzei︠a︡ arkheologii i ėtnografii Sibiri im. V.M. Florinskogo Tomskogo gosudarstvennogo universiteta) t.p. verso (founded 1882) spine (MAĖS TGU)</subfield>
  </datafield>
  <datafield tag="670" ind1=" " ind2=" ">
    <subfield code="a">Trudy Muzei︠a︡ arkheologii i ėtnografii Sibiri im. V.M. Florinskogo Tomskogo gosudarstvennogo universiteta, 2013:</subfield>
    <subfield code="b">title page (Muzei︠a︡ arkheologii i ėtnografii Sibiri)</subfield>
  </datafield>
  <datafield tag="670" ind1=" " ind2=" ">
    <subfield code="a">Tomskiĭ gosudarstvennyĭ universitet WWW site, viewed November 14, 2014</subfield>
    <subfield code="b">at head of page (Muzei︠a︡ arkheologii i ėtnografii Sibiri) in text of page (Muzeĭ arkheologii i ėtnografii Sibiri im. V.M. Florinskogo; founded 1882 by V.M. Florinskīĭ; in 2003 issued a series Trudy MAES im. V.M. Florinskogo TGU;</subfield>
  </datafield>
  <datafield tag="670" ind1=" " ind2=" ">
    <subfield code="a">Its Katalog ėtnograficheskikh kollekt︠s︡iĭ Muzei︠a︡arkheologii i ėtnografii Sibiri Tomskogo universiteta, 1979: v. 1, t.p. (Muzei︠a︡ arkheologii i ėtnografii Sibiri Tomskogo universiteta) p. 4 (founded 1882 by V. M. Florinskiĭ; 1923-1934 was called ėtnologo-arkheologicheskiĭ, in 1934 was renamed Muzeĭ istorii materialʹnoĭ kulʹtury [no pubs. in L.C.] in 1968 became part of University's Problemnai︠a︡ nauchno-issledovatelʹskai︠a︡ laboratorii︠a︡ istorii, arkheologii i ėtnografii Sibiri, changing its name to Muzeĭ arkheologii i ėtnografii Sibiri Tomskogo gosudarstvennogo universiteta) p. 11 (ref. in earliest catalog as Arkheologicheskiĭ muzeĭ Tomskogo universiteta)</subfield>
  </datafield>
</record>